<record><leader>00000cas a22000007a 4500</leader><controlfield tag="001">8804325</controlfield><controlfield tag="008">820924d18371838inuwr ne      0    0eng  </controlfield><controlfield tag="009">466</controlfield><datafield ind1=" " ind2=" " tag="010"><subfield code="a">sn 82006506 </subfield></datafield><datafield ind1=" " ind2=" " tag="040"><subfield code="a">DLC</subfield><subfield code="b">eng</subfield><subfield code="c">DLC</subfield><subfield code="d">NPI</subfield><subfield code="d">DLC</subfield></datafield><datafield ind1="1" ind2=" " tag="029"><subfield code="a">AU@</subfield><subfield code="b">000025797697</subfield></datafield><datafield ind1=" " ind2=" " tag="042"><subfield code="a">msc</subfield></datafield><datafield ind1="0" ind2="0" tag="050"><subfield code="a">Newspaper 7701-X</subfield></datafield><datafield ind1="0" ind2=" " tag="130"><subfield code="a">Torch-light (Paoli, Ind.)</subfield></datafield><datafield ind1="0" ind2="4" tag="245"><subfield code="a">The Torch-light.</subfield></datafield><datafield ind1="0" ind2="0" tag="246"><subfield code="a">Torch light</subfield></datafield><datafield ind1=" " ind2=" " tag="260"><subfield code="a">Paoli, Ind. :</subfield><subfield code="b">R. M'Grew,</subfield><subfield code="c">1837-</subfield></datafield><datafield ind1=" " ind2=" " tag="300"><subfield code="a">v. ;</subfield><subfield code="c">55 cm.</subfield></datafield><datafield ind1=" " ind2=" " tag="310"><subfield code="a">Weekly</subfield></datafield><datafield ind1="0" ind2=" " tag="362"><subfield code="a">Vol. 1, no. 1 (Dec. 1, 1837)-</subfield></datafield><datafield ind1="1" ind2=" " tag="362"><subfield code="a">Ceased in 1838?</subfield></datafield><datafield ind1=" " ind2=" " tag="500"><subfield code="a">Stood for: Freedom of elections, liberty of the press, and the right of instruction, the guarantee of republican institutions.</subfield></datafield><datafield ind1=" " ind2=" " tag="500"><subfield code="a">"Democratic."</subfield></datafield><datafield ind1=" " ind2=" " tag="752"><subfield code="a">United States</subfield><subfield code="b">Indiana</subfield><subfield code="c">Orange</subfield><subfield code="d">Paoli.</subfield></datafield></record>